@STRING{MN = "MNRAS"}                   %Monthly Notices of the Royal Astronomical Society
@STRING{AN={Astr.\ Nachr.}}
@STRING{AA={A\&A}}
@STRING{AAS={A\&AS}}
@STRING{AAR={A\&AR}}
@STRING{ARAA={ARA\&A}}
@STRING{APJ={ApJ}}
@STRING{apjl={ApJ Lett.}}             %Astrophysical Journal Letters
@STRING{AJ={AJ}}
@STRING{APJS={ApJS}}
@STRING{PASA={PASA}}
@STRING{PASP={PASP}}
@STRING{PASJ={PASJ}}
@STRING{GCA={Geochim.\ Cosmochim.\ Acta}}
@STRING{PR={Physics Reports}}
@STRING{PRL={Phys.\ Rev.\ Lett.}}
@STRING{PRC={Phys.\ Rev.\ C.}}
@STRING{RMP={Rev.\ Mod.\ Phys.}}
@STRING{ZA={Z.\ Astrophys.}}
@STRING{NAT={Nature}}
@STRING{NP={Nucl.\ Phys.}}
@STRING{NPA = "Nucl. Phys. A"}
@STRING{ADNDT={Atom.\ Data Nucl.\ Data Tables}}
@STRING{APSS = "Ap\&SS"}                %Astrophys. Space. Sci.
@STRING{MSAI = "Mem. Soc. Astron. Ital."}
@STRING{JCP = "J. Chem. Phys."}

@ARTICLE{heger:10,
   author = {{Heger}, A. and {Woosley}, S.~E.},
    title = "{Nucleosynthesis and Evolution of Massive Metal-free Stars}",
  journal = {\apj},
archivePrefix = "arXiv",
   eprint = {0803.3161},
 keywords = {early universe, Galaxy: abundances, nuclear reactions, nucleosynthesis, abundances, stars: abundances, stars: evolution, supernovae: general},
     year = 2010,
    month = nov,
   volume = 724,
    pages = {341-373},
      doi = {10.1088/0004-637X/724/1/341},
   adsurl = {http://adsabs.harvard.edu/abs/2010ApJ...724..341H},
  adsnote = {Provided by the SAO/NASA Astrophysics Data System}
}

